% This file was created with JabRef 2.6.
% Encoding: Cp1252

@BOOK{bishop2006pattern,
  title = {Pattern Recognition and Machine Learning},
  publisher = {Springer},
  year = {2006},
  author = {Bishop, Christopher},
  journal = {Pattern Recognition and Machine Learning},
  owner = {Frank},
  timestamp = {2013.06.30}
}

@BOOK{gargenta2011learning,
  title = {Learning Android},
  publisher = {O'Reilly Media},
  year = {2011},
  author = {Gargenta, M.},
  isbn = {9781449307240},
  owner = {s},
  timestamp = {2013.06.30},
  url = {http://books.google.de/books?id=oMYQz4\_BW48C}
}

@ELECTRONIC{google2013fundamentals,
  author = {Google},
  year = {2013},
  title = {Aplication Fundamentals},
  url = {http://developer.android.com/guide/components/fundamentals.html},
  owner = {s},
  timestamp = {2013.06.30}
}

@ELECTRONIC{google2013tools,
  author = {Google},
  year = {2013},
  title = {Android Developer Tools},
  url = {http://developer.android.com/tools/index.html},
  owner = {s},
  timestamp = {2013.06.30}
}

@BOOK{mednieks2012programming,
  title = {Programming Android},
  publisher = {Oreilly \& Associates Incorporated},
  year = {2012},
  author = {Mednieks, Z.R. and Dornin, L. and Meike, G.B. and Nakamura, M.},
  series = {Oreilly and Associate Series},
  isbn = {9781449316648},
  owner = {s},
  timestamp = {2013.06.14},
  url = {http://books.google.de/books?id=QP7VvnhDOOsC}
}

@comment{jabref-meta: selector_publisher:}

@comment{jabref-meta: selector_author:}

@comment{jabref-meta: selector_journal:}

@comment{jabref-meta: selector_keywords:}

