% This file was created with JabRef 2.6.
% Encoding: Cp1252

